
@article{walmsley_mwalmsleygalaxy-zoo-bayesian-cnn_2019,
	title = {mwalmsley/galaxy-zoo-bayesian-cnn: {Initial} public release},
	shorttitle = {mwalmsley/galaxy-zoo-bayesian-cnn},
	url = {https://ui.adsabs.harvard.edu/abs/2019zndo...2677874W},
	doi = {10.5281/zenodo.2677874},
	abstract = {This release publishes the code used for the paper: Galaxy Zoo: Probabilistic Morphology through Bayesian CNNs and Active Learning, M. Walmsley et al, Monthly Notices of the Royal Society, 2019 (submitted)  This release will create a Zenodo DOI to be cited.},
	urldate = {2022-02-04},
	journal = {Zenodo},
	author = {Walmsley, Mike},
	month = may,
	year = {2019},
	note = {ADS Bibcode: 2019zndo...2677874W},
}
